@misc{ameco2017,
  title        = {Macro-Economic Database of the European Commission’s Directorate General for Economic and Financial Affairs},
  howpublished = {http://ec.europa.eu/economy_finance/ameco},
  year         = {2017},
  author       = {{AMECO}}
}

@article{araujo2007,
  title   = {A Structural Economic Dynamics Approach to Balance-of-Payments-Constrained Growth},
  volume  = {31},
  doi     = {10.1093/cje/bem006},
  number  = {5},
  journal = {Cambridge Journal of Economics},
  author  = {Araújo, R. and Lima, G.},
  year    = {2007},
  pages   = {755--74}
}

@article{bajo-rubio2009,
  title   = {Does the Balance of Payments Constrain Economic Growth? Some Evidence for the New EU Members},
  volume  = {21},
  doi     = {10.1080/14631370802663612},
  number  = {1},
  journal = {Post-Communist Economies},
  author  = {Bajo-Rubio, O. and Diaz-Roldan, C.},
  year    = {2009},
  pages   = {41--46}
}

@article{cimoli2010,
  title   = {Structural Change and the BOP-Constraint: Why Did Latin America Fail to Converge?},
  volume  = {34},
  doi     = {10.1093/cje/ben060},
  number  = {2},
  journal = {Cambridge Journal of Economics},
  author  = {Cimoli, M. and Porcile, G. and Rovira, S.},
  year    = {2010},
  pages   = {389--411}
}

@misc{comtrade2017,
  title        = {International Trade Statistics Database},
  howpublished = {https://comtrade.un.org/data/},
  year         = {2017},
  author       = {{COMTRADE}}
}

@article{gouvea2010,
  title   = {Structural Change, Balance-of-Payments Constraint, and Economic Growth: Evidence from the Multisectoral Thirlwall’s Law},
  volume  = {33},
  doi     = {10.2753/PKE0160-3477330109},
  number  = {1},
  journal = {Journal of Post-Keynesian Economics},
  author  = {Gouvea, R. and Lima, G.},
  year    = {2010},
  pages   = {169--204}
}

@book{harrod1933,
  title     = {International Economics},
  author    = {Harrod, R.},
  year      = {1933},
  publisher = {Nisbet},
  address   = {London, UK}
}

@article{krugman1989,
  title   = {Differences in the Income Elasticities and Trends in the Real Exchange Rates},
  volume  = {33},
  doi     = {10.1016/0014-2921(89)90013-5},
  number  = {1},
  journal = {European Economic Review},
  author  = {Krugman, P.},
  year    = {1989},
  pages   = {1031–54}
}

@techreport{lall2000,
  title       = {The Technological Structure and Performance of Developing Country Manufactured Exports,1985–1998},
  type        = {QEH Working Paper Series},
  number      = {44},
  institution = {Oxford Department of International Development},
  address     = {Oxford, UK},
  year        = {2000},
  url         = {http://www3.qeh.ox.ac.uk/pdf/qehwp/qehwps44.pdf}
}

@book{pasinetti1981,
  title     = {Structural Change and Economic Growth: A Theoretical Essay on the Dynamics of the Wealth of Nations},
  author    = {Pasinetti, L.},
  year      = {1981},
  publisher = {Cambridge University Press},
  address   = {Cambridge, UK}
}

@article{setterfield2011,
  title   = {The Remarkable Durability of Thirlwall’s Law},
  volume  = {64},
  number  = {259},
  journal = {PSL Quarterly Review},
  author  = {Setterfield, M.},
  year    = {2011},
  pages   = {393–427}
}

@article{Aiginger1997,
  author  = {Aiginger, K.},
  title   = {The use of unit values to discriminate between price and quality competition},
  journal = {Cambridge Journal of Economics},
  volume  = {21},
  pages   = {571-592},
  year    = {1997}
}

@article{Andersen1993,
  author  = {Andersen, P. S.},
  title   = {The 45-rule revisited},
  journal = {Applied Economics},
  volume  = {25},
  pages   = {1279-1284},
  year    = {1993}
}

@article{Arellano1991,
  author  = {Arellano, M. and Bond, S.},
  title   = {Some tests of specification for panel data: Monte Carlo evidence and an application to employment equations},
  journal = {Review of Economic Studies},
  volume  = {58},
  pages   = {277-297},
  year    = {1991}
}

@article{Arellano1995,
  author  = {Arellano, M. and Bover, O.},
  title   = {Another look at the instrumental variables estimation of error-components models},
  journal = {Journal of Econometrics},
  volume  = {68},
  pages   = {29-51},
  year    = {1995}
}

@article{Atesoglu1993a,
  author  = {Atesoglu, H. S.},
  title   = {Balance-of-Payments-Constrained Grwoth: Evidence from the United States},
  journal = {Journal of Post Keynesian Economics},
  volume  = {15},
  number  = {4},
  pages   = {507-14},
  year    = {1993}
}

@article{Atesoglu1993b,
  author  = {Atesoglu, H.S.},
  title   = {Exports, Capital Flows, Relative Prices and Economic Growth in Canada},
  journal = {Journal of Post Keynesian Economics},
  volume  = {16},
  number  = {2},
  pages   = {289-97},
  year    = {1993}
}

@article{Bairam1988,
  author  = {Bairam, E.},
  title   = {Balance of payments, the Harrod foreign trade multiplier and economic growth: the European and North American experience,1970-85},
  journal = {Applied Economics},
  volume  = {20},
  pages   = {1635-42},
  year    = {1988}
}

@article{Bairam1991,
  author  = {Bairam, E. and Dempster, G.J.},
  title   = {The Harrod foreign trade multiplier and economic growth in Asian countries},
  journal = {Applied Economics},
  volume  = {23},
  pages   = {1719-24},
  year    = {1991}
}

@article{Baltagi2000,
  author  = {Baltagi, B.H. and Griffin, J.M. and Xiong, W.},
  title   = {To pool or not to pool: homogeneous versus heterogeneous estimators applied to cigarette demand},
  journal = {The Review of Economics and Statistics},
  volume  = {82},
  number  = {1},
  pages   = {117-126},
  year    = {2000}
}

@article{Barbosa-Filho2001,
  author  = {Barbosa-Filho, N.H.},
  title   = {The balance-of-payments constraint: from balanced trade to sustainable debt},
  journal = {BNL Quarterly Review},
  volume  = {54},
  pages   = {381-400},
  year    = {2001}
}

@book{Baum2006,
  author    = {Baum, C.F.},
  title     = {An Introduction to Modern Econometrics Using Stata},
  publisher = {Stata Press},
  year      = {2006}
}

@article{Baum2007,
  author = {Baum, C.F. and Schaffer, M.E. and Stillman, S.},
  title  = {Enhanced routines for instrumental variables/generalized method of moments estimation and test},
  year   = {2007}
}

@book{becketti2013introduction,
  title     = {Introduction to Time Series Using Stata},
  author    = {Becketti, Sean},
  year      = {2013},
  publisher = {Stata Press}
}

@article{berry1995automobile,
  title     = {Automobile prices in market equilibrium},
  author    = {Berry, Steven and Levinsohn, James and Pakes, Ariel},
  journal   = {Econometrica},
  volume    = {63},
  number    = {4},
  pages     = {841--890},
  year      = {1995},
  publisher = {JSTOR}
}

@article{blundell1998initial,
  title     = {Initial conditions and moment restrictions in dynamic panel data models},
  author    = {Blundell, Richard and Bond, Stephen},
  journal   = {Journal of Econometrics},
  volume    = {87},
  number    = {1},
  pages     = {115--143},
  year      = {1998},
  publisher = {Elsevier}
}

@article{van2004quality,
  title     = {Quality-corrected price indexes: the case of the Dutch new passenger car market, 1990-1999},
  author    = {van Dalen, Jan and Bode, Bart},
  journal   = {Applied Economics},
  volume    = {36},
  number    = {11},
  pages     = {1169--1197},
  year      = {2004},
  publisher = {Taylor \& Francis}
}

@article{dixon1975model,
  title   = {A model of regional growth-rate differences on Kaldorian lines},
  author  = {Dixon, R and Thirwall, AP},
  journal = {Oxford Economic Papers-New Series},
  volume  = {27},
  number  = {2},
  pages   = {201--214},
  year    = {1975}
}

@book{enders1995applied,
  title     = {Applied Econometric Time Series},
  author    = {Enders, Walter},
  year      = {1995},
  publisher = {John Wiley \& Sons}
}

@article{engle1987,
  title   = {Co-integration and error correction: Representation, estimation, and testing},
  author  = {Engle, Robert F and Granger, Clive WJ},
  journal = {Econometrica},
  volume  = {55},
  number  = {2},
  pages   = {251--276},
  year    = {1987}
}

@article{fagerberg1988,
  title   = {International competitiveness},
  author  = {Fagerberg, Jan},
  journal = {The Economic Journal},
  volume  = {98},
  number  = {391},
  pages   = {355--374},
  year    = {1988}
}

@article{feenstra1994,
  title   = {New product varieties and the measurement of international prices},
  author  = {Feenstra, Robert C},
  journal = {The American Economic Review},
  volume  = {84},
  number  = {1},
  pages   = {157--177},
  year    = {1994}
}

@article{feenstra2014,
  title   = {International prices and endogenous quality},
  author  = {Feenstra, Robert C and Romalis, John},
  journal = {The Quarterly Journal of Economics},
  volume  = {129},
  number  = {2},
  pages   = {477--527},
  year    = {2014}
}

@article{gouvea2010,
  title   = {Structural change, balance-of-payments constraint, and economic growth: evidence from the multisectoral Thirlwall’s law},
  author  = {Gouvêa, Raphael Rocha and Lima, Gilberto Tadeu},
  journal = {Journal of Post-Keynesian Economics},
  volume  = {33},
  number  = {1},
  pages   = {169--204},
  year    = {2010}
}

@article{gouvea2013,
  title   = {Balance-of-payments-constrained growth in a multisectoral framework: a panel data investigation},
  author  = {Gouvêa, Raphael Rocha and Lima, Gilberto Tadeu},
  journal = {Journal of Economic Studies},
  volume  = {40},
  number  = {2},
  pages   = {240-254},
  year    = {2013}
}

@article{hallack2011,
  title   = {Estimating Cross-Country Differences in Product Quality},
  author  = {Hallack, Michelle and Schott, Peter K.},
  journal = {The Quarterly Journal of Economics},
  volume  = {126},
  number  = {1},
  pages   = {417-474},
  year    = {2011}
}

@article{hansen1982,
  title   = {Large sample properties of generalized method of moments estimators},
  author  = {Hansen, Lars Peter},
  journal = {Econometrica},
  volume  = {50},
  number  = {},
  pages   = {1029-1054},
  year    = {1982}
}

@book{harrod1933,
  title     = {International economics},
  author    = {Harrod, Roy Forbes},
  publisher = {Cambridge University Press},
  year      = {1933}
}

@incollection{hausman1997,
  title     = {Valuation of new goods under perfect and imperfect competition},
  author    = {Hausman, Jerry A.},
  booktitle = {(Ed.) Bresnahan, T.; Gordon, R.; The Economics of New Goods, Studies in Income and Wealth},
  volume    = {58},
  publisher = {},
  pages     = {},
  year      = {1997}
}

@article{hausman1994,
  title   = {Competitive Analysis with Differentiated Products},
  author  = {Hausman, Jerry A. and Leonard, Gregory K. and Zona, J. Douglas},
  journal = {Annales D'Economie et de Statistique},
  volume  = {},
  number  = {},
  pages   = {159-180},
  year    = {1994}
}

@article{hausmann2007,
  title   = {What you export matters },
  author  = {Hausmann,Ricardo and Hwang,Jason and Rodrik,Dani },
  journal = {Journal of Economic Growth },
  volume  = {12 },
  issue   = {1 },
  pages   = {1-25 },
  year    = {2007 }
}

@article{heike1997,
  title   = {Balance-of-Payments-Constrained Growth: A Reconsideration of the Evidence for the US Economy },
  author  = {Heike,Hansjörg },
  journal = {Journal of Post Keynesian Economics},
  volume  = {19},
  number  = {3},
  pages   = {313--325},
  year    = {1997}
}

@article{houthakker1969income,
  title   = {Income and price elasticities in world trade},
  author  = {Houthakker, Hendrik S and Magee, Stephen P},
  journal = {The Review of Economic and Statistics},
  volume  = {51},
  number  = {2},
  pages   = {111--125},
  year    = {1969}
}

@article{hummels2005variety,
  title   = {The variety and quality of a nation’s exports},
  author  = {Hummels, David L and Klenow, Peter J},
  journal = {American Economic Review},
  volume  = {95},
  number  = {3},
  pages   = {704--723},
  year    = {2005}
}

@book{johansen1995likelihood,
  title     = {Likelihood-based inference in cointegrated vector autoregressive models},
  author    = {Johansen, S{\o}ren},
  year      = {1995},
  publisher = {Oxford University Press}
}

@book{kaldor1966causes,
  title     = {Causes of the Slow Rate of Economic Growth of the United Kingdom: an Inaugural Lecture},
  author    = {Kaldor, Nicholas},
  year      = {1966},
  publisher = {Cambridge University Press}
}

@article{kleibergen2006generalized,
  title   = {Generalized reduced rank tests using the singular-value decomposition},
  author  = {Kleibergen, Frank and Paap, Richard},
  journal = {Journal of Econometrics},
  volume  = {127},
  pages   = {97--126},
  year    = {2006}
}

@article{lall2000technological,
  title   = {The Technological Structure and Performance of Developing Country Manufactured Exports, 1985-98},
  author  = {Lall, Sanjaya},
  journal = {Oxford Development Studies},
  volume  = {28},
  number  = {3},
  pages   = {337--369},
  year    = {2000}
}

@article{leon2002accumulation,
  title   = {Accumulation, innovation and catching-up: an extended cumulative growth model},
  author  = {Le{\'o}n-Ledesma, Miguel A},
  journal = {Cambridge Journal of Economics},
  volume  = {26},
  pages   = {201--216},
  year    = {2002}
}

@article{mccombie1989thirlwall,
  title   = {Thirlwall’s law and the balance of payments constrained growth – a comment on the debate},
  author  = {McCombie, John SL},
  journal = {Applied Economics},
  volume  = {17},
  pages   = {55--72},
  year    = {1989}
}

@book{mccombie1994economic,
  title     = {Economic Growth and the Balance-of-Payments Constraint},
  author    = {McCombie, John SL and Thirlwall, Anthony P.},
  publisher = {Macmillan Press Ltd.},
  address   = {London},
  year      = {1994}
}

@article{moreno2003capital,
  title   = {Capital flows, interest payments and the balance-of-payments constrained growth model: a theoretical and empirical analysis},
  author  = {Moreno-Brid, Juan Carlos},
  journal = {Metroeconomica},
  volume  = {54},
  number  = {2},
  pages   = {346--65},
  year    = {2003}
}

@article{nevo2001measuring,
  title   = {Measuring Market Power in the Ready-to-Eat Cereal Industry},
  author  = {Nevo, Aviv},
  journal = {Econometrica},
  volume  = {69},
  number  = {2},
  pages   = {307--342},
  year    = {2001}
}
@article{newey1987simple,
  title   = {A simple, positive semi-definite, heteroskedasticity and autocorrelation consistence covariance matrix},
  author  = {Newey, Whitney K and West, Kenneth D},
  journal = {Econometrica},
  volume  = {55},
  pages   = {703--708},
  year    = {1987}
}

@article{perraton2003balance,
  title   = {Balance of Payments Constrained Growth and Developing Countries: an examination of Thirlwall’s hypothesis},
  author  = {Perraton, Jonathan},
  journal = {International Review of Applied Economics},
  volume  = {17},
  number  = {1},
  pages   = {1--22},
  year    = {2003}
}
@incollection{roberts2002cumulative,
  title     = {Cumulative Causation and Unemployment},
  author    = {Roberts, Mark},
  booktitle = {Productivity Growth and Economic Performance: Essays on Verdoorn’s Law},
  editor    = {McCombie, John S. and Pugno, Maurizio and Soro, Bruno},
  publisher = {Palgrave MacMillan},
  year      = {2002}
}

@article{roodman2009how,
  title   = {How to do xtabond2: An introduction to difference and system GMM in Stata},
  author  = {Roodman, David},
  journal = {The Stata Journal},
  volume  = {9},
  number  = {1},
  pages   = {86--136},
  year    = {2009}
}

@article{roodman2009note,
  title   = {A Note on the Theme of Too Many Instruments},
  author  = {Roodman, David},
  journal = {Oxford Bulletin on Economics and Statistics},
  volume  = {71},
  number  = {1},
  pages   = {135--58},
  year    = {2009}
}

@article{romero2011brazil,
  title   = {Brazil: structural change and balance-of-payments-constrained growth},
  author  = {Romero, Jose P. and Silveira, Fernando and Jayme Jr., Frederico G.},
  journal = {CEPAL Review},
  volume  = {105},
  pages   = {173--195},
  year    = {2011}
}

@article{setterfield2011remarkable,
  title   = {The remarkable durability of Thirlwall’s Law},
  author  = {Setterfield, Mark},
  journal = {PSL Quarterly Review},
  volume  = {64},
  number  = {259},
  pages   = {393--427},
  year    = {2011}
}

@article{schott2004across,
  title   = {Across-Product Versus Within-Product Specialization in International Trade},
  author  = {Schott, Peter K.},
  journal = {Quarterly Journal of Economics},
  volume  = {119},
  number  = {2},
  pages   = {646--677},
  year    = {2004}
}

@article{stockhammer,
  author  = {Stockhammer, Engelbert and Constantine, Collin and Reissl, Severin},
  year    = {2020},
  month   = {03},
  pages   = {1-36},
  title   = {Explaining the Euro crisis: current account imbalances, credit booms and economic policy in different economic paradigms},
  volume  = {43},
  journal = {Journal of Post Keynesian Economics},
  doi     = {10.1080/01603477.2020.1734464}
}

@article{tharnpanich2013balance,
  title   = {Balance-of-payments constrained growth, structural change, and the Thai economy},
  author  = {Tharnpanich, Nalitra and McCombie, John S. L.},
  journal = {Journal of Post Keynesian Economics},
  volume  = {35},
  number  = {4},
  pages   = {569-97},
  year    = {2013}
}

@article{thirlwall1979balance,
  title   = {The balance of payments constraints as an explanation of international growth rate differences},
  author  = {Thirlwall, A. P.},
  journal = {Banca Nazionale del Lavoro Quarterly Review},
  volume  = {128},
  pages   = {45-53},
  year    = {1979}
}

@article{thirlwall1982balance,
  title   = {The Balance of Payments Constraint, Capital Flows and Growth Rate Differences between Developing Countries},
  author  = {Thirlwall, A. P. and Hussain, M. N.},
  journal = {Oxford Economic Papers},
  volume  = {34},
  number  = {3},
  pages   = {498-510},
  year    = {1982}
}

@article{windmeijer2005finite,
  title   = {A finite sample correction for the variance of linear efficient two-step GMM estimators},
  author  = {Windmeijer, Frank},
  journal = {Journal of Econometrics},
  volume  = {126},
  pages   = {25-51},
  year    = {2005}
}

@book{wooldridge2002econometric,
  title     = {Econometric Analysis of Cross Section and Panel Data},
  author    = {Wooldridge, Jeffrey M.},
  publisher = {MIT Press},
  address   = {Cambridge, MA},
  year      = {2002}
}

@article{romero2016,
  title   = {The Multi-Sectoral Thirlwall’s Law: evidence from 14 developed European countries using product-level data},
  author  = {Jo{\~a}o P. Romero and J. S. L. Mccombie},
  journal = {International Review of Applied Economics},
  year    = {2016},
  volume  = {30},
  pages   = {301 - 325}
}

@article{soukiazis,
  author  = {Soukiazis, Elias and Muchova, Eva and Leško, Peter},
  year    = {2017},
  month   = {06},
  pages   = {1-24},
  title   = {Are the Transition Economies Balance-of-Payments Constrained? An Aggregate and Multisector Approach Applied to Central and Eastern Europe},
  volume  = {55},
  journal = {Eastern European Economics},
  doi     = {10.1080/00128775.2017.1326289}
}